%%%%%%%%%%%%%%%%%%%%%%%%%%%%%%%%%%%%%%%%%%%%%%%%%%%%%%%%%%%%%%%%%%%%%%%%%%%%%%%%
%%
%% Список литературы
%%
%%%%%%%%%%%%%%%%%%%%%%%%%%%%%%%%%%%%%%%%%%%%%%%%%%%%%%%%%%%%%%%%%%%%%%%%%%%%%%%%

@ARTICLE{russian,
  author = {Василий Пупкин and Василиса Пупкина and Пупкинский, В.П.},
  title = {Русская статья},
  journal = {Научно-технические ведомости НИИ ЧАВО},
  year = 2000,
  number = 16,
  pages = {32--64},
  language = {russian},
}

@ARTICLE{royandcordy,
author = {Roy, Chanchal and R. Cordy, James},
year = {2008},
month = {10},
pages = {81-90},
title = {An Empirical Study of Function Clones in Open Source Software},
booktitle = {Proceedings - Working Conference on Reverse Engineering, WCRE},
language = {english},
}

@book{java-book,
	title={Программирование на Java},
	author={Нимейер, П. and Леук, Д.},
	isbn={9785457661004},
	url={https://books.google.ru/books?id=zVpUBQAAQBAJ},
	year={2014},
	publisher={Эксмо},
	language = {russian},
}

@online{ANTLR,
	title = {ANTLR},
	organization = {Веб-сайт проекта ANTLR},
	url = {http://www.antlr.org/},
	urldate = {18.06.2015},
	language = {russian},
}

%%%%%%%%%%%%%%%%%%%%%%%%%%%%%%%%%%%%%%%%%%%%%%%%%%%%%%%%%%%%%%%%%%%%%%%%%%%%%%%%
